@BOOK
{
	Lamport1994 ,
	AUTHOR 		= "Leslie Lamport" ,
	TITLE     		= " {\LaTeX}: a document prepration system" ,
	PUBLISHER 	= "Addison-Wesley" ,
	EDITION		= "Second" ,
	YEAR			= 1994 ,
}

@article{messamah2015quantum,
  title={Quantum mechanics on phase space and teleportation},
  author={Messamah, Juba and Schroeck, Franklin E and Hachemane, Mahmoud and Smida, Abdallah and Hamici, Amel H},
  journal={Quantum Information Processing},
  volume={14},
  number={3},
  pages={1035--1054},
  year={2015},
  publisher={Springer}
}