@Article{Glauber1963,
  author =    {Glauber, R. J.},
  title =     {Coherent and Incoherent States of the Radiation Field},
  journal =   {Phys. Rev.},
  year =      {1963},
  volume =    {131},
  pages =     {2766--2788},
  month =     sep,
  doi =       {10.1103/PhysRev.131.2766},
  file =      {Glauber1963.pdf:Glauber1963.pdf:PDF},
  issue =     {6},
  publisher = {American Physical Society}
}

@BOOK{Ali2000,
  title = {Coherent States, Wavelets and Their Generalizations},
  publisher = {U.S. Government Printing Office},
  year = {2000},
  author = {Ali, S.T. and Antoine, J.P. and Gazeau, J.P.},
  series = {Graduate texts in contemporary physics},
  file = {Ali2000.pdf:Ali2000.pdf:PDF},
  isbn = {9780387989082},
  lccn = {99039821},
  owner = {Juba},
  timestamp = {2014.03.13},
  url = {http://books.google.dz/books?id=gWyuLVnqq5cC}
}